@inproceedings{Ball:2018:IME:3159450.3162211,
 author = {Ball, Michael},
 title = {IRT in 5 Minutes: Easy Ways to Better Understand an Assessment (Abstract Only)},
 booktitle = {Proceedings of the 49th ACM Technical Symposium on Computer Science Education},
 series = {SIGCSE '18},
 year = {2018},
 isbn = {978-1-4503-5103-4},
 location = {Baltimore, Maryland, USA},
 pages = {1103--1103},
 numpages = {1},
 url = {http://doi.acm.org/10.1145/3159450.3162211},
 doi = {10.1145/3159450.3162211},
 acmid = {3162211},
 publisher = {ACM},
 address = {New York, NY, USA},
 keywords = {assessment, grading, grading analysis, irt, item response theory},
}

@inproceedings{Galanos:2018:TWC:3159450.3159629,
 author = {Galanos, Ria and Ball, Michael and Dougherty, John and Hummel, Joe and Malan, David J.},
 title = {Technology We Can'T Live Without!, Revisited},
 booktitle = {Proceedings of the 49th ACM Technical Symposium on Computer Science Education},
 series = {SIGCSE '18},
 year = {2018},
 isbn = {978-1-4503-5103-4},
 location = {Baltimore, Maryland, USA},
 pages = {1043--1044},
 numpages = {2},
 url = {http://doi.acm.org/10.1145/3159450.3159629},
 doi = {10.1145/3159450.3159629},
 acmid = {3159629},
 publisher = {ACM},
 address = {New York, NY, USA},
 keywords = {computer science education, technology and teaching},
}

@inproceedings{Milliken:2018:ACP:3159450.3162375,
 author = {Milliken, Alexandra and Ball, Michael and Mock, Lauren},
 title = {AP CS Principles and The Beauty and Joy of Computing Curriculum: (Abstract Only)},
 booktitle = {Proceedings of the 49th ACM Technical Symposium on Computer Science Education},
 series = {SIGCSE '18},
 year = {2018},
 isbn = {978-1-4503-5103-4},
 location = {Baltimore, Maryland, USA},
 pages = {1059--1059},
 numpages = {1},
 url = {http://doi.acm.org/10.1145/3159450.3162375},
 doi = {10.1145/3159450.3162375},
 acmid = {3162375},
 publisher = {ACM},
 address = {New York, NY, USA},
 keywords = {HS course, approved AP computer science principles curriculum, computer science principles, professional development},
}

@inproceedings{Ball:2017:WAS:3017680.3022385,
 author = {Ball, Michael},
 title = {Writing Autograders for Snap! And Integrating Them Into Your Course (Abstract Only)},
 booktitle = {Proceedings of the 2017 ACM SIGCSE Technical Symposium on Computer Science Education},
 series = {SIGCSE '17},
 year = {2017},
 isbn = {978-1-4503-4698-6},
 location = {Seattle, Washington, USA},
 pages = {639--639},
 numpages = {1},
 url = {http://doi.acm.org/10.1145/3017680.3022385},
 doi = {10.1145/3017680.3022385},
 acmid = {3022385},
 publisher = {ACM},
 address = {New York, NY, USA},
 keywords = {EDX, LTI, Snap!, assessment, autograding, automated assessment, automated feedback, blocks programming, visual programming languages},
}

@inproceedings{Ball:2017:IIA:3017680.3022443,
 author = {Ball, Michael},
 title = {Implementing "In-Lab" Autograding for Snap! (Abstract Only)},
 booktitle = {Proceedings of the 2017 ACM SIGCSE Technical Symposium on Computer Science Education},
 series = {SIGCSE '17},
 year = {2017},
 isbn = {978-1-4503-4698-6},
 location = {Seattle, Washington, USA},
 pages = {703--703},
 numpages = {1},
 url = {http://doi.acm.org/10.1145/3017680.3022443},
 doi = {10.1145/3017680.3022443},
 acmid = {3022443},
 publisher = {ACM},
 address = {New York, NY, USA},
 keywords = {assessment, autograding, automated feedback, blocks, labs, oral assessment, snap, visual programming languages},
}

@inproceedings{Ball:2016:AFS:2839509.2850572,
 author = {Ball, Michael A. and Garcia, Daniel D.},
 title = {Autograding and Feedback for Snap!: A Visual Programming Language (Abstract Only)},
 booktitle = {Proceedings of the 47th ACM Technical Symposium on Computing Science Education},
 series = {SIGCSE '16},
 year = {2016},
 isbn = {978-1-4503-3685-7},
 location = {Memphis, Tennessee, USA},
 pages = {692--692},
 numpages = {1},
 url = {http://doi.acm.org/10.1145/2839509.2850572},
 doi = {10.1145/2839509.2850572},
 acmid = {2850572},
 publisher = {ACM},
 address = {New York, NY, USA},
 keywords = {autograding, blocks programming, feedback, automated assessment, lti, snap!, visual programming},
}

@inproceedings{Garcia:2016:ACP:2839509.2844714,
 author = {Garcia, Daniel D. and Barnes, Tiffany and Ball, Michael and Biga, Emil and Paley, Josh and Hill, Marnie and Mattix, Nathan and Safa, Parisa and Morris, Sean and Kenner, Shawn},
 title = {AP CS Principles and The Beauty and Joy of Computing Curriculum (Abstract Only)},
 booktitle = {Proceedings of the 47th ACM Technical Symposium on Computing Science Education},
 series = {SIGCSE '16},
 year = {2016},
 isbn = {978-1-4503-3685-7},
 location = {Memphis, Tennessee, USA},
 pages = {718--718},
 numpages = {1},
 url = {http://doi.acm.org/10.1145/2839509.2844714},
 doi = {10.1145/2839509.2844714},
 acmid = {2844714},
 publisher = {ACM},
 address = {New York, NY, USA},
 keywords = {beauty and joy of computing, bjc, broadening participation, computer science principles, cs principles, cs10k, professional development},
}

@inproceedings{Ball:2016:UIC:2839509.2850526,
 author = {Ball, Michael A.},
 title = {Using Instant Chat for Fun and for Profit to Run a Large Class (Abstract Only)},
 booktitle = {Proceedings of the 47th ACM Technical Symposium on Computing Science Education},
 series = {SIGCSE '16},
 year = {2016},
 isbn = {978-1-4503-3685-7},
 location = {Memphis, Tennessee, USA},
 pages = {495--495},
 numpages = {1},
 url = {http://doi.acm.org/10.1145/2839509.2850526},
 doi = {10.1145/2839509.2850526},
 acmid = {2850526},
 publisher = {ACM},
 address = {New York, NY, USA},
 keywords = {automation, bot, chat, chatops, class management, hubot},
}

@inproceedings{Ball:2015:OSE:2676723.2691947,
 author = {Ball, Michael and Mock, Lauren and McKinsey, Jonathan and Machardy, Zachary and Garcia, Daniel and Titterton, Nathaniel and Harvey, Brian},
 title = {Oh, Snap! Enabling and Encouraging Success in CS1 (Abstract Only)},
 booktitle = {Proceedings of the 46th ACM Technical Symposium on Computer Science Education},
 series = {SIGCSE '15},
 year = {2015},
 isbn = {978-1-4503-2966-8},
 location = {Kansas City, Missouri, USA},
 pages = {691--691},
 numpages = {1},
 url = {http://doi.acm.org/10.1145/2676723.2691947},
 doi = {10.1145/2676723.2691947},
 acmid = {2691947},
 publisher = {ACM},
 address = {New York, NY, USA},
 keywords = {cs0, cs1, curriculum, visual programming},
}

@inproceedings{Garcia:2014:LDB:2556325.2567889,
 author = {Garcia, Daniel and Ball, Michael and Parikh, Aatash},
 title = {L@S 2014 Demo: Best Practices for MOOC Video},
 booktitle = {Proceedings of the First ACM Conference on Learning @ Scale Conference},
 series = {L@S '14},
 year = {2014},
 isbn = {978-1-4503-2669-8},
 location = {Atlanta, Georgia, USA},
 pages = {217--218},
 numpages = {2},
 url = {http://doi.acm.org/10.1145/2556325.2567889},
 doi = {10.1145/2556325.2567889},
 acmid = {2567889},
 publisher = {ACM},
 address = {New York, NY, USA},
 keywords = {cs1, mooc, production, study resource, video},
}

